<?xml version="1.0" encoding="UTF-8"?>
<record xmlns="http://www.loc.gov/MARC21/slim">
   <leader>01102cam a2200325 a 4500</leader>
   <controlfield tag="001">463095</controlfield>
   <controlfield tag="003">NjP</controlfield>
   <controlfield tag="005">20190705140756.0</controlfield>
   <controlfield tag="008">880824s1959    iq a          000 0 ara d</controlfield>
   <datafield tag="024" ind1="7" ind2=" ">
      <subfield code="a">princeton_aco003783</subfield>
      <subfield code="2">local</subfield>
   </datafield>
   <datafield ind1=" " ind2=" " tag="040">
      <subfield code="a">NjP</subfield>
      <subfield code="c">PUL</subfield>
      <subfield code="d">PUL</subfield>
   </datafield>
   <datafield ind1=" " ind2=" " tag="035">
      <subfield code="a">(CStRLIN)NJPG88-B42559</subfield>
   </datafield>
   <datafield ind1=" " ind2=" " tag="035">
      <subfield code="9">ACD8751TS</subfield>
   </datafield>
   <datafield ind1=" " ind2=" " tag="035">
      <subfield code="a">(NjP)463095</subfield>
   </datafield>
   <datafield ind1=" " ind2=" " tag="043">
      <subfield code="a">a-iq---</subfield>
   </datafield>
   <datafield ind1=" " ind2=" " tag="049">
      <subfield code="a">PULL</subfield>
   </datafield>
   <datafield ind1=" " ind2=" " tag="035">
      <subfield code="a">(OCoLC)ocm26003904</subfield>
   </datafield>
   <datafield ind1="0" ind2="0" tag="245">
      <subfield code="6">880-01</subfield>
      <subfield code="a">In yanṣurkum Allāh fa-lā ghālib la-kum.</subfield>
   </datafield>
   <datafield ind1=" " ind2=" " tag="260">
      <subfield code="6">880-02</subfield>
      <subfield code="a">[Baghdad :</subfield>
      <subfield code="b">s.n.,</subfield>
      <subfield code="c">1959?]</subfield>
   </datafield>
   <datafield ind1=" " ind2=" " tag="300">
      <subfield code="a">[34] p. :</subfield>
      <subfield code="b">ill. ;</subfield>
      <subfield code="c">18 cm.</subfield>
   </datafield>
   <datafield ind1=" " ind2=" " tag="500">
      <subfield code="a">Cover title.</subfield>
   </datafield>
   <datafield ind1="1" ind2="0" tag="600">
      <subfield code="6">880-03</subfield>
      <subfield code="a">Qāsim, ʻAbd al-Karīm,</subfield>
      <subfield code="d">1914-1963.</subfield>
      <subfield code="0">http://id.loc.gov/authorities/names/n88242481</subfield>
   </datafield>
   <datafield ind1=" " ind2="0" tag="651">
      <subfield code="a">Iraq</subfield>
      <subfield code="x">History,</subfield>
      <subfield code="y">1958-</subfield>
   </datafield>
   <datafield ind1="0" ind2="0" tag="880">
      <subfield code="6">245-01/r</subfield>
      <subfield code="a">ان ينصركم الله فلا غالب لكم.</subfield>
   </datafield>
   <datafield ind1=" " ind2=" " tag="880">
      <subfield code="6">260-02/r</subfield>
      <subfield code="a">[بغداد :</subfield>
      <subfield code="b">s.n..،</subfield>
      <subfield code="c">1959؟]</subfield>
   </datafield>
   <datafield ind1="1" ind2="0" tag="880">
      <subfield code="6">600-03/r</subfield>
      <subfield code="a">قاسم، عبد الكريم،</subfield>
      <subfield code="d">1914-1963.</subfield>
   </datafield>
   <datafield ind1=" " ind2=" " tag="998">
      <subfield code="a">05/27/92</subfield>
      <subfield code="s">9118</subfield>
      <subfield code="n">NjP</subfield>
      <subfield code="w">NJPG88B42559</subfield>
      <subfield code="d">08/24/88</subfield>
      <subfield code="c">JAB</subfield>
      <subfield code="b">JAB</subfield>
      <subfield code="i">920527</subfield>
      <subfield code="l">NJPG</subfield>
   </datafield>
   <datafield ind1=" " ind2=" " tag="911">
      <subfield code="a">19921028</subfield>
   </datafield>
   <datafield ind1=" " ind2=" " tag="912">
      <subfield code="a">19920527000000.0</subfield>
   </datafield>
   <datafield ind1=" " ind2=" " tag="994">
      <subfield code="a">C0</subfield>
      <subfield code="b">PUL</subfield>
   </datafield>
   <datafield ind1=" " ind2=" " tag="999">
      <subfield code="a">463095</subfield>
   </datafield>
   <datafield ind1=" " ind2=" " tag="979">
      <subfield code="a">(OCoLC)ocn175434315</subfield>
   </datafield>
   <datafield ind1="0" ind2="0" tag="852">
      <subfield code="0">503612</subfield>
      <subfield code="b">rcppa</subfield>
      <subfield code="t">1</subfield>
      <subfield code="h">DS79.65</subfield>
      <subfield code="i">.I5</subfield>
      <subfield code="x">tr fr arab</subfield>
   </datafield>
   <datafield ind1=" " ind2=" " tag="959">
      <subfield code="a">2000-06-13 00:00:00 -0400</subfield>
   </datafield>
</record>
